[
	{
		"leader":"01471cjm a2200349 a 4500",
		"fields":
		[
			{
				"001":"5674874"
			},
			{
				"005":"20030305110405.0"
			},
			{
				"007":"sdubsmennmplu"
			},
			{
				"008":"930331s1963 nyuppn eng d"
			},
			{
				"035":
				{
					"ind1":"#",
					"ind2":"#",
					"subfields":
					[
						{
							"9":"(DLC) 93707283"
						}
					]
				}
			},
			{
				"906":
				{
					"ind1":"#",
					"ind2":"#",
					"subfields":
					[
						{
							"a":"7"
						},
						{
							"b":"cbc"
						},
						{
							"c":"copycat"
						},
						{
							"d":"4"
						},
						{
							"e":"ncip"
						},
						{
							"f":"19"
						},
						{
							"g":"y-soundrec"
						}
					]
				}
			},
			{
				"010":
				{
					"ind1":"#",
					"ind2":"#",
					"subfields":
					[
						{
							"a":"93707283"
						}
					]
				}
			},
			{
				"028":
				{
					"ind1":"0",
					"ind2":"2",
					"subfields":
					[
						{
							"a":"CS 8786"
						},
						{
							"b":"Columbia"
						}
					]
				}
			},
			{
				"035":
				{
					"ind1":"#",
					"ind2":"#",
					"subfields":
					[
						{
							"a":"(OCoLC)13083787"
						}
					]
				}
			},
			{
				"040":
				{
					"ind1":"#",
					"ind2":"#",
					"subfields":
					[
						{
							"a":"OClU"
						},
						{
							"c":"DLC"
						},
						{
							"d":"DLC"
						}
					]
				}
			},
			{
				"041":
				{
					"ind1":"0",
					"ind2":"#",
					"subfields":
					[
						{
							"d":"eng"
						},
						{
							"g":"eng"
						}
					]
				}
			},
			{
				"042":
				{
					"ind1":"#",
					"ind2":"#",
					"subfields":
					[
						{
							"a":"lccopycat"
						}
					]
				}
			},
			{
				"050":
				{
					"ind1":"0",
					"ind2":"0",
					"subfields":
					[
						{
							"a":"Columbia CS 8786"
						}
					]
				}
			},
			{
				"100":
				{
					"ind1":"1",
					"ind2":"#",
					"subfields":
					[
						{
							"a":"Dylan, Bob,"
						},
						{
							"d":"1941-"
						}
					]
				}
			},
			{
				"245":
				{
					"ind1":"1",
					"ind2":"4",
					"subfields":
					[
						{
							"a":"The freewheelin' Bob Dylan"
						},
						{
							"h":"[sound recording]."
						}
					]
				}
			},
			{
				"260":
				{
					"ind1":"#",
					"ind2":"#",
					"subfields":
					[
						{
							"a":"[New York, N.Y.] :"
						},
						{
							"b":"Columbia,"
						},
						{
							"c":"[1963]"
						}
					]
				}
			},
			{
				"300":
				{
					"ind1":"#",
					"ind2":"#",
					"subfields":
					[
						{
							"a":"1 sound disc :"
						},
						{
							"b":"analog, 33 1/3 rpm, stereo. ;"
						},
						{
							"c":"12 in."
						}
					]
				}
			},
			{
				"500":
				{
					"ind1":"#",
					"ind2":"#",
					"subfields":
					[
						{
							"a":"Songs."
						}
					]
				}
			},
			{
				"511":
				{
					"ind1":"0",
					"ind2":"#",
					"subfields":
					[
						{
							"a":"The composer accompanying himself on the guitar ; in part with instrumental ensemble."
						}
					]
				}
			},
			{
				"500":
				{
					"ind1":"#",
					"ind2":"#",
					"subfields":
					[
						{
							"a":"Program notes by Nat Hentoff on container."
						}
					]
				}
			},
			{
				"505":
				{
					"ind1":"0",
					"ind2":"#",
					"subfields":
					[
						{
							"a":"Blowin' in the wind -- Girl from the north country -- Masters of war -- Down the highway -- Bob Dylan's blues -- A hard rain's a-gonna fall -- Don't think twice, it's all right -- Bob Dylan's dream -- Oxford town -- Talking World War III blues -- Corrina, Corrina -- Honey, just allow me one more chance -- I shall be free."
						}
					]
				}
			},
			{
				"650":
				{
					"ind1":"0",
					"ind2":"#",
					"subfields":
					[
						{
							"a":"Popular music"
						},
						{
							"y":"1961-1970."
						}
					]
				}
			},
			{
				"650":
				{
					"ind1":"0",
					"ind2":"#",
					"subfields":
					[
						{
							"a":"Blues (Music)"
						},
						{
							"y":"1961-1970."
						}
					]
				}
			},
			{
				"856":
				{
					"ind1":"4",
					"ind2":"1",
					"subfields":
					[
						{
							"3":"Preservation copy (limited access)"
						},
						{
							"u":"http://hdl.loc.gov/loc.mbrsrs/lp0001.dyln"
						}
					]
				}
			},
			{
				"952":
				{
					"ind1":"#",
					"ind2":"#",
					"subfields":
					[
						{
							"a":"New"
						}
					]
				}
			},
			{
				"953":
				{
					"ind1":"#",
					"ind2":"#",
					"subfields":
					[
						{
							"a":"TA28"
						}
					]
				}
			},
			{
				"991":
				{
					"ind1":"#",
					"ind2":"#",
					"subfields":
					[
						{
							"b":"c-RecSound"
						},
						{
							"h":"Columbia CS 8786"
						},
						{
							"w":"MUSIC"
						}
					]
				}
			}
		]
	},
	{
		"leader":"",
		"fields":
		[
			{
				"001":
				{
					"ind1":"#",
					"ind2":"#",
					"subfields":
					[
						{
							"7":"ba"
						},
						{
							"a":"i"
						},
						{
							"b":"a"
						},
						{
							"c":"m"
						},
						{
							"d":"a"
						},
						{
							"e":"6172"
						}
					]
				}
			},
			{
				"100":
				{
					"ind1":"#",
					"ind2":"#",
					"subfields":
					[
						{
							"b":"d"
						},
						{
							"c":"1941"
						},
						{
							"h":"scr"
						}
					]
				}
			},
			{
				"101":
				{
					"ind1":"0",
					"ind2":"#",
					"subfields":
					[
						{
							"a":"eng"
						}
					]
				}
			},
			{
				"102":
				{
					"ind1":"#",
					"ind2":"#",
					"subfields":
					[
						{
							"a":"usa"
						}
					]
				}
			},
			{
				"200":
				{
					"ind1":"0",
					"ind2":"#",
					"subfields":
					[
						{
							"a":"The Calculi of Lambda-Conversion"
						},
						{
							"e":"Alonzo Church"
						}
					]
				}
			},
			{
				"210":
				{
					"ind1":"#",
					"ind2":"#",
					"subfields":
					[
						{
							"a":"Princeton"
						},
						{
							"c":"Princeton University"
						},
						{
							"d":"1941"
						}
					]
				}
			},
			{
				"215":
				{
					"ind1":"#",
					"ind2":"#",
					"subfields":
					[
						{
							"a":"2+82 str."
						},
						{
							"d":"25 cm"
						}
					]
				}
			},
			{
				"225":
				{
					"ind1":"#",
					"ind2":"#",
					"subfields":
					[
						{
							"a":"Annals of Mathematics Studies"
						},
						{
							"v":"6"
						}
					]
				}
			},
			{
				"610":
				{
					"ind1":"#",
					"ind2":"#",
					"subfields":
					[
						{
							"a":"Verovatnoca i statistika"
						}
					]
				}
			},
			{
				"675":
				{
					"ind1":"#",
					"ind2":"#",
					"subfields":
					[
						{
							"a":"519.2"
						}
					]
				}
			},
			{
				"700":
				{
					"ind1":"#",
					"ind2":"1",
					"subfields":
					[
						{
							"4":"070"
						},
						{
							"a":"Church"
						},
						{
							"b":"Alonzo"
						}
					]
				}
			},
			{
				"992":
				{
					"ind1":"#",
					"ind2":"#",
					"subfields":
					[
						{
							"b":"cralex9702-old-l02"
						}
					]
				}
			}
		]
	},
	{
		"leader":"",
		"fields":
		[
			{
				"001":
				{
					"ind1":"#",
					"ind2":"#",
					"subfields":
					[
						{
							"7":"ba"
						},
						{
							"a":"i"
						},
						{
							"b":"a"
						},
						{
							"c":"m"
						},
						{
							"d":"a"
						},
						{
							"e":"6172"
						}
					]
				}
			},
			{
				"100":
				{
					"ind1":"#",
					"ind2":"#",
					"subfields":
					[
						{
							"b":"d"
						},
						{
							"c":"1941"
						},
						{
							"h":"scr"
						}
					]
				}
			},
			{
				"101":
				{
					"ind1":"0",
					"ind2":"#",
					"subfields":
					[
						{
							"a":"eng"
						}
					]
				}
			},
			{
				"102":
				{
					"ind1":"#",
					"ind2":"#",
					"subfields":
					[
						{
							"a":"usa"
						}
					]
				}
			},
			{
				"200":
				{
					"ind1":"0",
					"ind2":"#",
					"subfields":
					[
						{
							"a":"The Calculi of Lambda-Conversion"
						},
						{
							"e":"Alonzo Church"
						}
					]
				}
			},
			{
				"210":
				{
					"ind1":"#",
					"ind2":"#",
					"subfields":
					[
						{
							"a":"Princeton"
						},
						{
							"c":"Princeton University"
						},
						{
							"d":"1941"
						}
					]
				}
			},
			{
				"215":
				{
					"ind1":"#",
					"ind2":"#",
					"subfields":
					[
						{
							"a":"2+82 str."
						},
						{
							"d":"25 cm"
						}
					]
				}
			},
			{
				"225":
				{
					"ind1":"#",
					"ind2":"#",
					"subfields":
					[
						{
							"a":"Annals of Mathematics Studies"
						},
						{
							"v":"6"
						}
					]
				}
			},
			{
				"610":
				{
					"ind1":"#",
					"ind2":"#",
					"subfields":
					[
						{
							"a":"Verovatnoca i statistika"
						}
					]
				}
			},
			{
				"675":
				{
					"ind1":"#",
					"ind2":"#",
					"subfields":
					[
						{
							"a":"519.2"
						}
					]
				}
			},
			{
				"700":
				{
					"ind1":"#",
					"ind2":"1",
					"subfields":
					[
						{
							"4":"070"
						},
						{
							"a":"Church"
						},
						{
							"b":"Alonzo"
						}
					]
				}
			},
			{
				"992":
				{
					"ind1":"#",
					"ind2":"#",
					"subfields":
					[
						{
							"b":"cralex9702-old-l02"
						}
					]
				}
			}
		]
	}
]